@misc{ CBC,
       author = "",
       title = "Wikipedia - CBC",
       year = "2015",
       howpublished = "\url{https://en.wikipedia.org/wiki/Block_cipher_mode_of_operation#Cipher_Block_Chaining_.28CBC.29}",
       note = ""
}
          
@misc{ XTEA,
       author = "",
       title = "Wikipedia XTEA",
       year = "2015",
       howpublished = "\url{https://en.wikipedia.org/wiki/XTEA}",
       note = ""
}

@misc{ cuda,
       author = "",
       title = "CUDA C Programming Guide",
       year = "2015",
       howpublished = "\url{https://docs.nvidia.com/cuda/cuda-c-programming-guide/}",
       note = ""
}

@misc{ citation4,
       author = "",
       title = "OpenMP",
       year = "",
       howpublished = "\url{http://openmp.org/wp/about-openmp/}",
       note = ""
}
